@book{Quirk_og_Serda,
  title={Semiconductor Manufacturing Technology},
  author={Quirk, M. and Serda, J.},
  isbn={9780130815200},
  lccn={00041653},
  year={2001},
  publisher={Prentice Hall}
}

@book{kompendium,
  title={Lab compendium Halvlederteknologi},
  author={Sverre V. Pettersen and Geir Myrvågnes and Tron Arne Nilsen and Magnus Breivik (translator) and Bjørn-Ove Fimland},
  year={2006}
}

@misc{CleWin,
    title={CleWin, mask editor software},
    year={2019},
    url={https://wieweb.com/site/downloads/}
}

@misc{resist,
    title={Megaposit™ SPR™ 700 series photoresist for i-line applications},
    year={2004}
}